<?xml version="1.0" encoding="UTF-8"?><record xmlns="http://www.loc.gov/MARC21/slim" xmlns:cinclude="http://apache.org/cocoon/include/1.0" xmlns:zs="http://www.loc.gov/zing/srw/">
  <leader>00545cz  a2200145n  4500</leader>
  <controlfield tag="001">n  84068974 </controlfield>
  <controlfield tag="003">DLC</controlfield>
  <controlfield tag="005">20000520073030.0</controlfield>
  <controlfield tag="008">840807n| acannaabn          |a aaa     b</controlfield>
  <datafield tag="010" ind1=" " ind2=" ">
    <subfield code="a">n  84068974 </subfield>
  </datafield>
  <datafield tag="035" ind1=" " ind2=" ">
    <subfield code="a">(OCoLC)oca01178314</subfield>
  </datafield>
  <datafield tag="040" ind1=" " ind2=" ">
    <subfield code="a">DNLM</subfield>
    <subfield code="b">eng</subfield>
    <subfield code="c">DLC</subfield>
    <subfield code="d">OCoLC</subfield>
  </datafield>
  <datafield tag="100" ind1="1" ind2=" ">
    <subfield code="a">Sainte-Marthe, Sce휍혖vole de,</subfield>
    <subfield code="d">1536-1623.</subfield>
    <subfield code="t">Paedotrophiae libri tres.</subfield>
    <subfield code="l">English</subfield>
  </datafield>
  <datafield tag="400" ind1="1" ind2=" ">
    <subfield code="a">Sainte-Marthe, Sce휍혖vole de,</subfield>
    <subfield code="d">1536-1623.</subfield>
    <subfield code="t">Paedotrophia, or, The art of nursing and rearing children</subfield>
  </datafield>
  <datafield tag="670" ind1=" " ind2=" ">
    <subfield code="a">His Paedotrophia, or, The art of nursing and rearing children, 1797.</subfield>
  </datafield>
</record>